@article{ bracha1990,
author = {Gilad Bracha and William Cook},
year = {1990},
title = {Mixin-based Inheritance},
journal = {ACM},
},

@article{ bono1999,
author = {Viviana Bono and Amit Patel and Vitaly Shmatikov},
year = {1999},
title = {A Core Calculus of Classes and Mixins},
journal = {ECOOP},
pages = {43--66},
}

@article{taivaalsari1996,
author = {Antero Taivaalsari},
year = {1996},
title = {On the Notion of Inheritance},
journal = {ACM},
pages = {483--479},
}